<?xml version="1.0" encoding="UTF-8"?><collection xmlns="http://www.loc.gov/MARC21/slim"><record><leader>00414nam--2200145-i-4500</leader><controlfield tag="001">000013651</controlfield><controlfield tag="002">20161230</controlfield><controlfield tag="005">20161230201030</controlfield><controlfield tag="008">060222s1000------------r-----000-0-eng-d</controlfield><datafield ind1=" " ind2=" " tag="080"><subfield code="a">621.375.826:541.124</subfield></datafield><datafield ind1=" " ind2=" " tag="100"><subfield code="a">Ben_shaul, A./S.A.</subfield></datafield><datafield ind1=" " ind2=" " tag="245"><subfield code="a">Lasers and chemical change.with 245 figures</subfield></datafield><datafield ind1=" " ind2=" " tag="260"><subfield code="a">Berlin, Springer-verlag, 1981. Xii + 497 P</subfield></datafield><datafield ind1=" " ind2=" " tag="490"><subfield code="a">Springer Series In Chemical Physics,</subfield></datafield><datafield ind1=" " ind2=" " tag="852"><subfield code="a">46905</subfield></datafield></record></collection>